@article{Bhattacharyya,
    author={Bhattacharyya, A.},
     title={On a measure of divergence between two statistical populations defined by their probability distributions},
   journal={Bulletin of the Calcutta Mathematical Society},
    volume={35},
      year={1943},
     pages={99-109},
      issn={0008-0659},
   mrclass={62.0X},
  mrnumber={0010358 (6,7b)},
mrreviewer={R. L. Anderson}
}

@book{silverman1986density,
  title={Density Estimation for Statistics and Data Analysis},
  author={Silverman, B.W.},
  isbn={9780412246203},
  lccn={86021347},
  series={Chapman \& Hall/CRC Monographs on Statistics \& Applied Probability},
  url={http://books.google.ie/books?id=e-xsrjsL7WkC},
  year={1986},
  publisher={Taylor \& Francis}
}

@misc{thomas_guillerme_2016_55646,
  author       = {Thomas Guillerme},
  title        = {dispRity: v0.2},
  month        = jun,
  year         = 2016,
  doi          = {10.5281/zenodo.55646},
  url          = {https://doi.org/10.5281/zenodo.55646}
}


@article{Guillerme2016146,
title = "Effects of missing data on topological inference using a Total Evidence approach ",
journal = "Molecular Phylogenetics and Evolution ",
volume = "94, Part A",
number = "",
pages = "146 - 158",
year = "2016",
note = "",
issn = "1055-7903",
doi = "http://dx.doi.org/10.1016/j.ympev.2015.08.023",
url = "http://www.sciencedirect.com/science/article/pii/S1055790315002547",
author = "Thomas Guillerme and Natalie Cooper",
keywords = "Morphological characters",
keywords = "Bayesian",
keywords = "Maximum Likelihood",
keywords = "Topology",
keywords = "Fossil",
keywords = "Living "
}



@article{thioulouse1997ade,
  title={ADE-4: a multivariate analysis and graphical display software},
  author={Thioulouse, Jean and Chessel, Daniel and Dole, Sylvain and Olivier, Jean-Michel and others},
  journal={Statistics and computing},
  volume={7},
  number={1},
  pages={75--83},
  year={1997},
  publisher={Springer}
}
